<record><leader>00000cas a22000007a 4500</leader><controlfield tag="001">17358750</controlfield><controlfield tag="008">880119d18801891ohuwr ne      0    0eng d</controlfield><datafield ind1=" " ind2=" " tag="010"><subfield code="a">sn 88077005 </subfield></datafield><datafield ind1=" " ind2=" " tag="040"><subfield code="a">ONP</subfield><subfield code="b">eng</subfield><subfield code="c">ONP</subfield><subfield code="d">OCLCQ</subfield></datafield><datafield ind1=" " ind2=" " tag="042"><subfield code="a">msc</subfield></datafield><datafield ind1="0" ind2=" " tag="130"><subfield code="a">Yellow Springs review (Yellow Springs, Ohio : 1880)</subfield></datafield><datafield ind1="1" ind2="0" tag="245"><subfield code="a">Yellow Springs review.</subfield></datafield><datafield ind1="3" ind2="0" tag="246"><subfield code="a">Weekly citizen and Yellow Springs review</subfield></datafield><datafield ind1=" " ind2=" " tag="260"><subfield code="a">Yellow Springs, Ohio :</subfield><subfield code="b">Warren Anderson</subfield></datafield><datafield ind1=" " ind2=" " tag="310"><subfield code="a">Weekly</subfield></datafield><datafield ind1="1" ind2=" " tag="362"><subfield code="a">Began with Oct. 19, 1880 issue; ceased with Aug. 7, 1891.</subfield></datafield><datafield ind1=" " ind2=" " tag="500"><subfield code="a">Published as: Weekly citizen and Yellow Springs review, &lt;July&gt; 1891-Aug. 7, 1891.</subfield></datafield><datafield ind1=" " ind2=" " tag="588"><subfield code="a">Description based on: Vol. 1, no. 5 (Nov. 6, 1880).</subfield></datafield><datafield ind1=" " ind2=" " tag="752"><subfield code="a">United States</subfield><subfield code="b">Ohio</subfield><subfield code="c">Greene</subfield><subfield code="d">Yellow Springs.</subfield></datafield><datafield ind1="0" ind2="0" tag="785"><subfield code="t">Weekly citizen (Yellow Springs, Ohio)</subfield><subfield code="w">(DLC)sn 88077006</subfield></datafield></record>